[gd_resource type="Theme" load_steps=15 format=2]

[ext_resource path="res://src/client/menu/theme/PixelOperatorSC.ttf" type="DynamicFontData" id=1]
[ext_resource path="res://src/client/menu/button-focus.tres" type="StyleBox" id=2]
[ext_resource path="res://src/client/menu/theme/gfx/button-disabled.png" type="Texture" id=3]
[ext_resource path="res://src/client/menu/theme/gfx/button-hovered.png" type="Texture" id=4]
[ext_resource path="res://src/client/menu/theme/gfx/button-pressed.png" type="Texture" id=5]
[ext_resource path="res://src/client/menu/theme/gfx/button-focused.png" type="Texture" id=6]
[ext_resource path="res://src/client/menu/button-normal.tres" type="StyleBox" id=7]

[sub_resource type="StyleBoxTexture" id=3]
texture = ExtResource( 3 )
region_rect = Rect2( 0, 0, 10, 10 )
margin_left = 3.0
margin_right = 3.0
margin_top = 3.0
margin_bottom = 3.0

[sub_resource type="StyleBoxTexture" id=5]
texture = ExtResource( 4 )
region_rect = Rect2( 0, 0, 10, 10 )
margin_left = 3.0
margin_right = 3.0
margin_top = 3.0
margin_bottom = 3.0

[sub_resource type="StyleBoxTexture" id=6]
texture = ExtResource( 5 )
region_rect = Rect2( 0, 0, 10, 10 )
margin_left = 3.0
margin_right = 3.0
margin_top = 3.0
margin_bottom = 3.0

[sub_resource type="StyleBoxTexture" id=7]
texture = ExtResource( 6 )
region_rect = Rect2( 0, 0, 10, 10 )
margin_left = 3.0
margin_right = 3.0
margin_top = 3.0
margin_bottom = 3.0

[sub_resource type="StyleBoxTexture" id=8]
texture = ExtResource( 4 )
region_rect = Rect2( 0, 0, 10, 10 )
margin_left = 3.0
margin_right = 3.0
margin_top = 3.0
margin_bottom = 3.0

[sub_resource type="StyleBoxTexture" id=9]
texture = ExtResource( 4 )
region_rect = Rect2( 0, 0, 10, 10 )
margin_left = 3.0
margin_right = 3.0
margin_top = 3.0
margin_bottom = 3.0

[sub_resource type="DynamicFont" id=1]
size = 12
font_data = ExtResource( 1 )

[resource]
default_font = SubResource( 1 )
Button/styles/disabled = SubResource( 3 )
Button/styles/focus = ExtResource( 2 )
Button/styles/hover = SubResource( 5 )
Button/styles/normal = ExtResource( 7 )
Button/styles/pressed = SubResource( 6 )
LineEdit/styles/focus = SubResource( 7 )
LineEdit/styles/normal = SubResource( 8 )
Panel/styles/panel = SubResource( 9 )
